<collection xmlns='http://www.loc.gov/MARC21/slim' xmlns:xsi='http://www.w3.org/2001/XMLSchema-instance' xsi:schemaLocation='http://www.loc.gov/standards/marcxml/schema/MARC21slim.xsd'>
  <record xmlns="http://www.loc.gov/MARC21/slim">
    <leader>00000ctm a2200000Ma 4500</leader>
    <controlfield tag="001">on1106559049</controlfield>
    <controlfield tag="008">190701s1226    xx            000 0 ara d</controlfield>
    <datafield tag="040" ind1=" " ind2=" ">
      <subfield code="a">ZCU</subfield>
      <subfield code="b">eng</subfield>
      <subfield code="e">amremm</subfield>
      <subfield code="c">ZCU</subfield>
      <subfield code="d">OCLCO</subfield>
    </datafield>
    <datafield tag="035" ind1=" " ind2=" ">
      <subfield code="a">(NNC)14011698</subfield>
    </datafield>
    <datafield tag="049" ind1=" " ind2=" ">
      <subfield code="a">ZCUA</subfield>
    </datafield>
    <datafield tag="100" ind1="0" ind2=" ">
      <subfield code="6">880-01</subfield>
      <subfield code="a">Muʻaẓẓam,</subfield>
      <subfield code="c">Sultan of Damascus,</subfield>
      <subfield code="d">1180-1227.</subfield>
    </datafield>
    <datafield tag="240" ind1="1" ind2="0">
      <subfield code="6">880-02</subfield>
      <subfield code="a">Radd ʻalá Abī Bakr al-Khaṭīb al-Baghdādī</subfield>
    </datafield>
    <datafield tag="245" ind1="1" ind2="3">
      <subfield code="6">880-03</subfield>
      <subfield code="a">al-Sahm al-muṣīb fī kabid al-Khaṭīb.</subfield>
    </datafield>
    <datafield tag="246" ind1="1" ind2=" ">
      <subfield code="6">880-04</subfield>
      <subfield code="i">Also known as:</subfield>
      <subfield code="a">Sahm al-muṣīb fī al-radd ʻalá al-Khaṭīb</subfield>
    </datafield>
    <datafield tag="264" ind1=" " ind2="0">
      <subfield code="c">1226.</subfield>
    </datafield>
    <datafield tag="300" ind1=" " ind2=" ">
      <subfield code="a">ii, 138, ii leaves :</subfield>
      <subfield code="b">laid paper ;</subfield>
      <subfield code="c">204 x 146 (173 x 106) mm, bound to 204 x 137 mm</subfield>
    </datafield>
    <datafield tag="336" ind1=" " ind2=" ">
      <subfield code="a">text</subfield>
      <subfield code="b">txt</subfield>
      <subfield code="2">rdacontent</subfield>
    </datafield>
    <datafield tag="337" ind1=" " ind2=" ">
      <subfield code="a">unmediated</subfield>
      <subfield code="b">n</subfield>
      <subfield code="2">rdamedia</subfield>
    </datafield>
    <datafield tag="338" ind1=" " ind2=" ">
      <subfield code="a">volume</subfield>
      <subfield code="b">nc</subfield>
      <subfield code="2">rdacarrier</subfield>
    </datafield>
    <datafield tag="340" ind1=" " ind2=" ">
      <subfield code="d">manuscript.</subfield>
    </datafield>
    <datafield tag="500" ind1=" " ind2=" ">
      <subfield code="a">Manuscript codex.</subfield>
    </datafield>
    <datafield tag="520" ind1=" " ind2=" ">
      <subfield code="a">Copy of a polemic by ʻĪsá ibn Muḥammad (al-Muʻaẓẓam), Sultan of the Ayyubid dynasty in Damascus against Tārīkh Baghdād by al-Khaṭīb al-Baghdādī.</subfield>
    </datafield>
    <datafield tag="530" ind1=" " ind2=" ">
      <subfield code="a">Also available as a digital facsimile.</subfield>
    </datafield>
    <datafield tag="546" ind1=" " ind2=" ">
      <subfield code="a">Arabic.</subfield>
    </datafield>
    <datafield tag="500" ind1=" " ind2=" ">
      <subfield code="a">Layout: 15 lines per page.</subfield>
    </datafield>
    <datafield tag="500" ind1=" " ind2=" ">
      <subfield code="a">Script: Written in clear naskh in black ink; pointed, vocalized.</subfield>
    </datafield>
    <datafield tag="500" ind1=" " ind2=" ">
      <subfield code="a">Decoration: Rubrications in red.</subfield>
    </datafield>
    <datafield tag="500" ind1=" " ind2=" ">
      <subfield code="a">Origin: Item is dated 623 AH and the scribe gives his name as ʻAlī ibn Abī Ṭālib ibn ʻAlī ibn ʻAlī ibn ʻAlī ibn al-Ḥusayn (f. 138r).</subfield>
    </datafield>
    <datafield tag="500" ind1=" " ind2=" ">
      <subfield code="a">Shelfmark: X893.7 Is1.</subfield>
    </datafield>
    <datafield tag="563" ind1=" " ind2=" ">
      <subfield code="a">Blue paper sides mottled with black over green leather with flap; paper labels on front cover and spine.</subfield>
    </datafield>
    <datafield tag="500" ind1=" " ind2=" ">
      <subfield code="a">Reader's note dated 1239 AH [1823 CE] written in after the end of the text (f. 138r).</subfield>
    </datafield>
    <datafield tag="510" ind1="4" ind2=" ">
      <subfield code="a">Martinovitch, Nicholas N. "Arabic, Persian and Turkish Manuscripts in the Columbia University Library." Journal of the American Oriental Society,</subfield>
      <subfield code="c">Vol. 49, (1929), pp. 219-233; page 225.</subfield>
    </datafield>
    <datafield tag="541" ind1="1" ind2=" ">
      <subfield code="a">Purchased for Columbia with funds from Alexander I. Cotheal.</subfield>
    </datafield>
    <datafield tag="588" ind1="0" ind2=" ">
      <subfield code="a">Item cataloged from digital facsimile and existing description.</subfield>
    </datafield>
    <datafield tag="600" ind1="1" ind2="0">
      <subfield code="6">880-05</subfield>
      <subfield code="a">Khaṭīb al-Baghdādī, Abū Bakr Aḥmad ibn ʻAlī,</subfield>
      <subfield code="d">1002-1071.</subfield>
      <subfield code="t">Tārīkh Baghdād.</subfield>
    </datafield>
    <datafield tag="650" ind1=" " ind2="0">
      <subfield code="a">Manuscripts, Arabic.</subfield>
    </datafield>
    <datafield tag="655" ind1=" " ind2="4">
      <subfield code="a">Early works to 1800.</subfield>
      <subfield code="5">NNC</subfield>
    </datafield>
    <datafield tag="655" ind1=" " ind2="7">
      <subfield code="a">Codices (bound manuscripts)</subfield>
      <subfield code="2">aat</subfield>
    </datafield>
    <datafield tag="655" ind1=" " ind2="7">
      <subfield code="a">Manuscripts (documents)</subfield>
      <subfield code="2">aat</subfield>
    </datafield>
    <datafield tag="655" ind1=" " ind2="7">
      <subfield code="a">Early works.</subfield>
      <subfield code="2">fast</subfield>
      <subfield code="0">(OCoLC)fst01411636</subfield>
    </datafield>
    <datafield tag="655" ind1=" " ind2="7">
      <subfield code="a">Envelope flaps (features)</subfield>
      <subfield code="2">lobt</subfield>
    </datafield>
    <datafield tag="700" ind1="0" ind2=" ">
      <subfield code="6">880-06</subfield>
      <subfield code="a">ʻAlī ibn Abī Ṭālib ibn ʻAlī ibn ʻAlī ibn ʻAlī ibn al-Ḥusayn,</subfield>
      <subfield code="d">active 1226,</subfield>
      <subfield code="e">scribe.</subfield>
    </datafield>
    <datafield tag="710" ind1="2" ind2=" ">
      <subfield code="a">Muslim World Manuscripts (Columbia University. Rare Book and Manuscript Library)</subfield>
      <subfield code="5">NNC</subfield>
    </datafield>
    <datafield tag="856" ind1="4" ind2="1">
      <subfield code="z">Digital facsimile in OPenn</subfield>
      <subfield code="u">http://openn.library.upenn.edu/Data/0032/html/X893_7_Is1.html</subfield>
    </datafield>
    <datafield tag="852" ind1=" " ind2=" ">
      <subfield code="a">Columbia University.</subfield>
      <subfield code="b">Rare Book and Manuscript Library</subfield>
      <subfield code="e">New York, NY. 10027</subfield>
      <subfield code="n">nyu</subfield>
      <subfield code="u">https://clio.columbia.edu/catalog/14011698</subfield>
    </datafield>
    <datafield tag="880" ind1="0" ind2=" ">
      <subfield code="6">100-01/(3/r</subfield>
      <subfield code="a">معظم،</subfield>
      <subfield code="c">سلطان دمشق،</subfield>
      <subfield code="d">1180-1227.</subfield>
    </datafield>
    <datafield tag="880" ind1="1" ind2="0">
      <subfield code="6">240-02/(3/r</subfield>
      <subfield code="a">رد على ابي بكر الخطيب البغدادي</subfield>
    </datafield>
    <datafield tag="880" ind1="1" ind2="2">
      <subfield code="6">245-03/(3/r</subfield>
      <subfield code="a">السهم المصيب في كبد الخطيب.</subfield>
    </datafield>
    <datafield tag="880" ind1="1" ind2=" ">
      <subfield code="6">246-04/(3/r</subfield>
      <subfield code="i">Also known as:</subfield>
      <subfield code="a">سهم المصيب في الرد على الخطيب</subfield>
    </datafield>
    <datafield tag="880" ind1="1" ind2="4">
      <subfield code="6">600-05/(3/r</subfield>
      <subfield code="a">خطيب البغدادي، ابو بكر احمد بن علي،</subfield>
      <subfield code="d">1002-1071.</subfield>
      <subfield code="t">تاريخ بغداد</subfield>
    </datafield>
    <datafield tag="880" ind1="0" ind2=" ">
      <subfield code="6">700-06/(3/r</subfield>
      <subfield code="a">علي بن ابي طالب بن علي بن علي بن علي بن الحسين،</subfield>
      <subfield code="d">active 1226,</subfield>
      <subfield code="e">scribe.</subfield>
    </datafield>
    <datafield tag="066" ind1=" " ind2=" ">
      <subfield code="c">(3</subfield>
    </datafield>
  </record></collection>